@misc{geoopt,
    title={Geoopt: Riemannian Optimization in PyTorch},
    author={Max Kochurov and Rasul Karimov and Serge Kozlukov},
    year={2020},
    eprint={2005.02819},
    archivePrefix={arXiv},
    primaryClass={cs.CG}
}
@book{strictlyEnglish,
  title={Strictly English: The correct way to write... and why it matters},
  author={Heffer, Simon},
  year={2011},
  publisher={Random House}
}
@book{arnoldPDEs,
  title={Lectures on partial differential equations},
  author={Arnold, Vladimir I},
  year={2013},
  publisher={Springer Science \& Business Media}
}
@inproceedings{kajiya1986rendering,
  title={The rendering equation},
  author={Kajiya, James T},
  booktitle={Proceedings of the 13th annual conference on Computer graphics and interactive techniques},
  pages={143--150},
  year={1986}
}
@book{feichtingerFAHA,
    title={Harmonic Analysis based on Functional Analysis},
    author={Feichtinger, Hans G},
    url={https://www.univie.ac.at/nuhag-php/login/skripten/data/AngAnal18Prag.pdf},
    year={2018}
}
@inproceedings{e2cnn,
    title={{General E(2)-Equivariant Steerable CNNs}},
    author={Weiler, Maurice and Cesa, Gabriele},
    booktitle={Conference on Neural Information Processing Systems (NeurIPS)},
    year={2019},
}
@misc{cohen2018general,
    title={A General Theory of Equivariant CNNs on Homogeneous Spaces},
    author={Taco Cohen and Mario Geiger and Maurice Weiler},
    year={2018},
    eprint={1811.02017},
    archivePrefix={arXiv},
    primaryClass={cs.LG}
}
@misc{ganeaHNNs,
    title={Hyperbolic Neural Networks},
    author={Octavian-Eugen Ganea and Gary BÃ©cigneul and Thomas Hofmann},
    year={2018},
    eprint={1805.09112},
    archivePrefix={arXiv},
    primaryClass={cs.LG}
}
@book{marker2006model,
  title={Model theory: an introduction},
  author={Marker, David},
  volume={217},
  year={2006},
  publisher={Springer Science \& Business Media}
}
@article{dexlang,
  title={Dex: array programming with typed indices},
  author={Maclaurin, Dougal and Radul, Alexey and Johnson, Matthew J and Vytiniotis, Dimitrios},
  year={2019}
}
@techreport{rush2019tensor,
  title={Tensor considered harmful},
  author={Rush, Alexander M},
  year={2019},
  institution={Technical report, Harvard NLP Blog},
  url={http://nlp.seas.harvard.edu/NamedTensor.html}
}
@techreport{rush2019tensor2,
  title={Tensor considered harmful, pt.~2},
  author={Rush, Alexander M},
  year={2019},
  institution={Technical report, Harvard NLP Blog},
  url={http://nlp.seas.harvard.edu/NamedTensor2.html}
}
@article{mcdonellGPU,
  title={Optimising purely functional GPU programs},
  author={McDonell, Trevor L and Chakravarty, Manuel MT and Keller, Gabriele and Lippmeier, Ben},
  journal={ACM SIGPLAN Notices},
  volume={48},
  number={9},
  pages={49--60},
  year={2013},
  publisher={ACM New York, NY, USA}
}
@article{mokhov2018build,
  title={Build systems {\`a} la carte},
  author={Mokhov, Andrey and Mitchell, Neil and Peyton Jones, Simon},
  journal={Proceedings of the ACM on Programming Languages},
  volume={2},
  number={ICFP},
  pages={1--29},
  year={2018},
  publisher={ACM New York, NY, USA}
}
@book{categoriesWorking,
  title={Categories for the working mathematician},
  author={Mac Lane, Saunders},
  volume={5},
  year={2013},
  publisher={Springer Science \& Business Media}
}
@book{villaniOldNew,
  title={Optimal transport: old and new},
  author={Villani, C{\'e}dric},
  volume={338},
  year={2008},
  publisher={Springer Science \& Business Media}
}
@book{ambrosioOTSummerSchool,
  title={Optimal Transportation and Applications: Lectures given at the CIME Summer School held in Martina Franca, Italy, September 2--8, 2001},
  author={Ambrosio, Luigi and Brenier, Yann and Buttazzo, Giuseppe and Villani, C{\'e}dric},
  year={2003},
  publisher={Springer}
}
@software{coq,
  author       = {The Coq Development Team},
  title        = {The Coq Proof Assistant, version 8.11.0},
  month        = jan,
  year         = 2020,
  publisher    = {Zenodo},
  version      = {8.11.0},
  doi          = {10.5281/zenodo.3744225},
  url          = {https://doi.org/10.5281/zenodo.3744225}
}
@inproceedings{lean,
  title={The Lean theorem prover (system description)},
  author={de Moura, Leonardo and Kong, Soonho and Avigad, Jeremy and Van Doorn, Floris and von Raumer, Jakob},
  booktitle={International Conference on Automated Deduction},
  pages={378--388},
  year={2015},
  organization={Springer}
}
@misc{elliott2018simple,
    title={The simple essence of automatic differentiation},
    author={Conal Elliott},
    year={2018},
    eprint={1804.00746},
    archivePrefix={arXiv},
    primaryClass={cs.PL}
}
@misc{betancourt2018geometric,
    title={A Geometric Theory of Higher-Order Automatic Differentiation},
    author={Michael Betancourt},
    year={2018},
    eprint={1812.11592},
    archivePrefix={arXiv},
    primaryClass={stat.CO}
}
@article{le2017existence,
  title={Existence and consistency of Wasserstein barycenters},
  author={Le Gouic, Thibaut and Loubes, Jean-Michel},
  journal={Probability Theory and Related Fields},
  volume={168},
  number={3-4},
  pages={901--917},
  year={2017},
  publisher={Springer}
}
@online{documentationResearch,
    title={Tweet: ``Can acadtwitter point me to research studying online documentation for programming libraries''},
    author={Titus Barik},
    url={https://twitter.com/barik/status/1259143238495006728},
    date={2020-05-10}
}
@inproceedings{struturingDocumentation,
  title={Structuring documentation to support state search: A laboratory experiment about protocol programming},
  author={Sunshine, Joshua and Herbsleb, James D and Aldrich, Jonathan},
  booktitle={European Conference on Object-Oriented Programming},
  pages={157--181},
  year={2014},
  organization={Springer}
}
@software{doctest,
    url={https://docs.python.org/3/library/doctest.html},
    title={Python's doctest}
}
@software{doctestCpp,
    title={doctest: The fastest feature-rich C++11/14/17/20 single-header testing framework for unit tests and TDD},
    author={Viktor Kirilov},
    url={https://github.com/onqtam/doctest}
}
@software{doctestRust,
    title={Rustdoc's documentation tests},
    url={https://doc.rust-lang.org/rustdoc/documentation-tests.html}
}
@InProceedings{inriaSacred,
  author    = { {K}laus {G}reff and {A}aron {K}lein and {M}artin {C}hovanec and {F}rank {H}utter and {J}\"urgen {S}chmidhuber },
  title     = { {T}he {S}acred {I}nfrastructure for {C}omputational {R}esearch },
  booktitle = { {P}roceedings of the 16th {P}ython in {S}cience {C}onference },
  pages     = { 49 - 56 },
  year      = { 2017 },
  editor    = { {K}aty {H}uff and {D}avid {L}ippa and {D}illon {N}iederhut and {M} {P}acer },
  doi       = { 10.25080/shinma-7f4c6e7-008 }
}
@misc{catalyst,
    author = {Kolesnikov, Sergey},
    title = {Accelerated DL RnD},
    year = {2018},
    publisher = {GitHub},
    journal = {GitHub repository},
    howpublished = {\url{https://github.com/catalyst-team/catalyst}},
}
@article{pytorchLightning,
  title={PyTorch Lightning},
  author={Falcon, WA},
  journal={GitHub. Note: https://github. com/williamFalcon/pytorch-lightning Cited by},
  volume={3},
  year={2019}
}
@online{xinLiangPipelines,
    title={Building Machine Learning Pipelines},
    url={http://www.xinliang.co/building-machine-learning-pipelines/},
    date={2019-12-27},
    author={Xin Liang}
}
@online{admmTweet,
    title={Tweet: ``ADMM, LOL''},
    url={https://twitter.com/newkozlukov/status/1056974023979134978/photo/1},
    author={Maxim Kochurov}
}
@article{khrulkov,
  title={Hyperbolic image embeddings},
  author={Khrulkov, Valentin and Mirvakhabova, Leyla and Ustinova, Evgeniya and Oseledets, Ivan and Lempitsky, Victor},
  journal={arXiv preprint arXiv:1904.02239},
  year={2019}
}
@book{admmBoyd,
  author={S. {Boyd} and N. {Parikh} and E. {Chu} and B. {Peleato} and J. {Eckstein}},
  booktitle={Distributed Optimization and Statistical Learning via the Alternating Direction Method of Multipliers}, 
  title={Distributed Optimization and Statistical Learning via the Alternating Direction Method of Multipliers}, 
  year={2011},
  volume={},
  number={},
  pages={},
  url={https://web.stanford.edu/~boyd/papers/admm_distr_stats.html}
}
@article{acceleratingNatgrad,
  author    = {Yang Song and
               Stefano Ermon},
  title     = {Accelerating Natural Gradient with Higher-Order Invariance},
  journal   = {CoRR},
  volume    = {abs/1803.01273},
  year      = {2018},
  url       = {http://arxiv.org/abs/1803.01273},
  archivePrefix = {arXiv},
  eprint    = {1803.01273},
  timestamp = {Mon, 13 Aug 2018 16:46:20 +0200},
  biburl    = {https://dblp.org/rec/journals/corr/abs-1803-01273.bib},
  bibsource = {dblp computer science bibliography, https://dblp.org}
}
@misc{bradley2020interface,
    title={At the Interface of Algebra and Statistics},
    author={Tai-Danae Bradley},
    year={2020},
    eprint={2004.05631},
    archivePrefix={arXiv},
    primaryClass={quant-ph}
}
